<record><leader>00000cas a22000007a 4500</leader><controlfield tag="001">13485449</controlfield><controlfield tag="008">860423d18691889paudn ne      0    0eng d</controlfield><datafield ind1=" " ind2=" " tag="010"><subfield code="a">sn 86081725 </subfield></datafield><datafield ind1=" " ind2=" " tag="040"><subfield code="a">NPH</subfield><subfield code="b">eng</subfield><subfield code="c">NPH</subfield><subfield code="d">NPX</subfield><subfield code="d">DLC</subfield><subfield code="d">OCL</subfield><subfield code="d">NPH</subfield><subfield code="d">MGN</subfield><subfield code="d">OCLCQ</subfield><subfield code="d">DLC</subfield><subfield code="d">OCLCF</subfield></datafield><datafield ind1=" " ind2=" " tag="019"><subfield code="a">10399849</subfield></datafield><datafield ind1="1" ind2=" " tag="029"><subfield code="a">AU@</subfield><subfield code="b">000025817269</subfield></datafield><datafield ind1=" " ind2=" " tag="042"><subfield code="a">msc</subfield></datafield><datafield ind1="0" ind2="0" tag="050"><subfield code="a">Newspaper</subfield></datafield><datafield ind1="0" ind2=" " tag="130"><subfield code="a">Daily miners' journal (Pottsville, Pa. : 1869)</subfield></datafield><datafield ind1="1" ind2="4" tag="245"><subfield code="a">The daily miners' journal.</subfield></datafield><datafield ind1="3" ind2="0" tag="246"><subfield code="a">Miners' daily journal</subfield></datafield><datafield ind1="3" ind2="0" tag="246"><subfield code="a">Miners' journal</subfield></datafield><datafield ind1=" " ind2=" " tag="260"><subfield code="a">Pottsville [Pa.] :</subfield><subfield code="b">Benj. Bannan &amp; Robt. H. Ramsey,</subfield><subfield code="c">1869-1889.</subfield></datafield><datafield ind1=" " ind2=" " tag="300"><subfield code="a">v. :</subfield><subfield code="b">ill. (chiefly advertisements) ;</subfield><subfield code="c">52 cm.</subfield></datafield><datafield ind1=" " ind2=" " tag="310"><subfield code="a">Daily (except Sun.),</subfield><subfield code="b">&lt;1873&gt;-1889</subfield></datafield><datafield ind1=" " ind2=" " tag="321"><subfield code="a">Daily (except Sat. and Sun.),</subfield><subfield code="b">1869-&lt;1871&gt;</subfield></datafield><datafield ind1="0" ind2=" " tag="362"><subfield code="a">Vol. 1, no. 1 (Sept. 1, 1869)-v. 30, no. 261 (Oct. 31, 1889).</subfield></datafield><datafield ind1=" " ind2=" " tag="500"><subfield code="a">"Daily" appears within title ornament, &lt;1871-1873&gt;.</subfield></datafield><datafield ind1=" " ind2=" " tag="580"><subfield code="a">Weekly eds.: Miners' journal, and Pottsville general advertiser, 1869; Miners' journal (Pottsville, Pa. : 1870), 1870-1873; Weekly miners' journal, 1873-1889.</subfield></datafield><datafield ind1=" " ind2="0" tag="651"><subfield code="a">Pottsville (Pa.)</subfield><subfield code="v">Newspapers.</subfield></datafield><datafield ind1=" " ind2="7" tag="655"><subfield code="a">Newspapers.</subfield><subfield code="2">fast</subfield><subfield code="0">(OCoLC)fst01423814</subfield></datafield><datafield ind1=" " ind2="7" tag="651"><subfield code="a">Pennsylvania</subfield><subfield code="z">Pottsville.</subfield><subfield code="2">fast</subfield><subfield code="0">(OCoLC)fst01223364</subfield></datafield><datafield ind1=" " ind2=" " tag="752"><subfield code="a">United States</subfield><subfield code="b">Pennsylvania</subfield><subfield code="c">Schuylkill</subfield><subfield code="d">Pottsville.</subfield></datafield><datafield ind1="1" ind2=" " tag="775"><subfield code="t">Miners' journal, and Pottsville general advertiser</subfield><subfield code="w">(DLC)sn 84026251</subfield></datafield><datafield ind1="1" ind2=" " tag="775"><subfield code="t">Miners' journal (Pottsville, Pa. : 1870)</subfield><subfield code="w">(DLC)sn 86081723</subfield></datafield><datafield ind1="1" ind2=" " tag="775"><subfield code="t">Weekly miners' journal</subfield><subfield code="w">(DLC)sn 86077131</subfield></datafield><datafield ind1="0" ind2="0" tag="785"><subfield code="t">Miners' journal (Pottsville, Pa. : 1889 : Daily)</subfield><subfield code="w">(DLC)sn 86081726</subfield></datafield></record>